@book{bergomi2015stochastic,
  title={Stochastic volatility modeling},
  author={Bergomi, Lorenzo},
  year={2015},
  publisher={CRC press}
}